@misc{ github:codigo_base,
       author = "AtsushiSakai",
       title = "PythonRobotics",
       howpublished = "\url{https://github.com/AtsushiSakai/PythonRobotics}"
}
@misc{ wiki:rrt,
    author = "Wikipedia contributors",
    title = "Rapidly-exploring random tree --- Wikipedia{,} The Free Encyclopedia",
    year = "2017",
    url = "\url{https://en.wikipedia.org/w/index.php?title=Rapidly-exploring_random_tree&oldid=817785756}"
}
